<?xml version="1.0" encoding="UTF-8"?><collection xmlns="http://www.loc.gov/MARC21/slim"><record><leader>00462nam--2200145-i-4500</leader><controlfield tag="001">000011027</controlfield><controlfield tag="002">20161230</controlfield><controlfield tag="005">20170305202543</controlfield><controlfield tag="008">060222s1000------------r-----000-0-eng-d</controlfield><datafield ind1=" " ind2=" " tag="100"><subfield code="a">Bossner, Otto</subfield></datafield><datafield ind1=" " ind2=" " tag="245"><subfield code="a">Nuklearmedizinische untersuchungen nach nieren transplantationen</subfield><subfield code="b">Dissertation</subfield></datafield><datafield ind1=" " ind2=" " tag="260"><subfield code="a">Munchen</subfield><subfield code="b">Klinik Und Poliklinik Fur Radiologie Der Universitat</subfield><subfield code="c">1973</subfield></datafield><datafield ind1=" " ind2=" " tag="300"><subfield code="a">114 p</subfield></datafield><datafield ind1=" " ind2=" " tag="852"><subfield code="a">616.07(043):621.039.85(043)</subfield></datafield><datafield ind1=" " ind2=" " tag="CAT"><subfield code="a">SYS</subfield><subfield code="c">20170305</subfield><subfield code="h">202543</subfield></datafield></record></collection>